<?xml version="1.0" encoding="UTF-8"?><collection xmlns="http://www.loc.gov/MARC21/slim"><record><leader>00399nam--2200133-i-4500</leader><controlfield tag="001">000050176</controlfield><controlfield tag="002">20161230</controlfield><controlfield tag="005">20161230201048</controlfield><controlfield tag="008">060222s1000------------r-----000-0-eng-d</controlfield><datafield ind1=" " ind2=" " tag="080"><subfield code="a">681.335</subfield></datafield><datafield ind1=" " ind2=" " tag="100"><subfield code="a">Bazilevich,R.P</subfield></datafield><datafield ind1=" " ind2=" " tag="245"><subfield code="a">Dekompozicionnye i topologicheskie metody avtomatizirovannogo konstruktirovaniia elektronnyh ustroistv</subfield></datafield><datafield ind1=" " ind2=" " tag="260"><subfield code="a">Lvov, Izd.Vishcha Shkola, 1981. 168 S</subfield></datafield><datafield ind1=" " ind2=" " tag="852"><subfield code="a">71544</subfield></datafield></record></collection>